2095 2611
951 105 996 150 1¹43

151 221 247 258 datis,
261 221 405 272 quamvis
409 224 496 265 poeta
509 229 566 251 non
580 222 672 258 esset,
693 223 791 252 tamen
799 229 946 263 sermones
955 220 1104 261 utriusque
1117 221 1230 261 linguae
1247 221 1325 251 docti
1335 221 1473 261 judicium
1487 220 1523 251 ‹ie
1538 216 1729 251 carminibis
1735 209 1796 251 mii

151 265 274 310 niens·
284 264 492 301 aestimaverit
506 262 663 301 Horatius.
700 260 896 314 Peerlkamp?
903 268 1004 301 acted
1028 268 1064 300 de
1084 269 1139 300 hoc
1163 276 1249 301 versu
1276 269 1434 311 disputatio
1455 267 1579 301 Horaffl
1591 269 1683 310 ipsius
1699 257 1798 301 veihis

153 314 250 351 cami·
262 315 335 355 -1v
359 320 386 349 3.
409 315 536 349 504-15
558 320 651 349 obviis
666 318 1008 398 megum&
1037 322 1072 348 ac
1099 318 1210 355 n‘escIo,
1241 319 1299 358 qui
1314 319 1375 350 fieri
1400 318 1541 358 potnerit,
1569 321 1611 349 ut
1624 318 1798 349 Eichsfasdt

152 362 429 407 Peeflhanpian'am·
441 367 625 398 sonantium·
636 368 723 398 stiam
741 367 777 398 la·
936 365 1034 401 Quam
1061 366 1137 397 enim
1163 366 1415 411 exquisitissimam
1442 366 1575 408 laudem
1584 363 1751 397 Maecenati
1777 365 1797 397 a

152 416 433 455 mmmmm
454 415 516 445 esse
537 417 622 452 dicit,
658 419 724 446 eam
740 424 796 455 ego
816 413 978 447 monuero
986 415 1034 455 δ’)
1049 415 1229 455 adstipulans
1248 415 1303 446 hoc
1324 415 1508 454 potissimum!
1525 416 1612 446 Versu
1631 415 1739 456 migita
1759 418 1797 445 ex

152 468 235 504 parts
254 464 395 494 sustiueri
407 468 487 503 puto.
526 464 562 494 -In
576 466 722 503 postrefflo
733 468 821 495 versa
831 459 1011 506 ἑβρώειιιν
1020 461 1099 493 mam
1113 460 1312 502 deprehendo,
1328 470 1386 504 qua
1400 463 1494 494 totum
1508 462 1633 494 carrhas
1645 452 1795 506 pum-m

153 523 217 544 esse
231 513 342 543 Herder
349 513 391 553 ³³)
412 513 522 550 docuit;
542 514 634 543 facete
655 513 728 543 enim
751 517 781 543 et
801 512 967 543 aulicorum·
976 511 1175 543 biandimenta
1195 512 1311 543 imitans
1325 514 1494 551 exaggerat,
1516 509 1696 555 quantopere
1708 510 1796 542 me-

154 562 263 592 senatis
274 562 309 591 de
319 571 350 591 se
359 561 495 600 judicium
507 562 655 598 aestimem
668 564 769 592 eontra
779 561 896 591 dnobus
901 558 959 596 iis,
961 560 1010 599 qui
1020 552 1211 596 includuntur,
1225 561 1363 600 strophae
1377 561 1534 591 versibus
1526 571 1544 590 ι.
1562 566 1586 590 e.
1601 568 1631 590 v.
1640 559 1660 590 Ξ
1670 564 1701 590 et
1714 570 1741 590 v.
1757 561 1796 590 ³5

153 620 209 641 non
232 610 324 640 minus
345 610 391 649 pie
412 619 496 649 quam
516 611 635 650 ingenue
655 609 795 641 Horatius
815 609 1001 649 pronunciat,
1023 609 1089 648 quid
1109 610 1214 640 debeat
1229 609 1405 646 Maecenati,
1426 610 1495 649 quid
1514 610 1553 640 ab
1568 619 1601 640 eo
1615 613 1706 649 petat.
1747 609 1796 640 Ae

154 659 180 690 si
194 660 256 698 quis
271 659 438 699 εἰρωνείαν,
460 669 515 698 qua
528 660 646 689 ultimus
661 659 804 690 Carminis
818 668 919 689 versus
933 658 1106 695 continetur,
1128 669 1146 688 a
1160 659 1287 697 proxime
1301 659 1487 688 antecedente
1501 659 1623 697 stropha
1637 658 1680 688 ita
1698 658 1796 688 diver-

154 717 217 737 sam
239 717 302 737 esse
323 711 450 743 statuat,
472 711 504 737 ut
523 708 617 746 priore
637 708 700 737 loco
722 711 808 747 poeta
828 706 1099 742 ἐνθουσιαστικῶς,
1119 708 1220 737 ultimo
1240 711 1337 736 autem
1356 717 1441 737 versu
1460 704 1671 746 ὑπερβολικῶς
1691 707 1797 736 dixerit

154 756 309 793 Horatius,
331 756 459 795 equidem
479 766 535 786 non
556 757 738 787 adversabor.

301 804 395 838 Quum
410 806 481 834 haec
495 815 587 844 pauca
600 805 795 844 scripsissem,
816 805 918 844 quibus
939 804 1119 843 aliquatenus
1133 805 1255 844 probare
1270 804 1339 834 mihi
1353 804 1486 840 videbar,
1508 804 1562 834 hoc
1576 804 1705 834 Primum
1719 804 1796 834 Car-

154 863 219 883 men
240 857 270 883 et
290 858 517 883 consummatum
537 863 601 883 esse
622 858 651 883 et
672 854 710 883 ab
731 853 807 883 omni
828 857 911 892 parte
932 853 1062 891 dignum,
1090 863 1142 891 quo
1163 853 1328 883 Maecenati
1354 853 1492 882 Carmina
1519 862 1573 882 sua
1598 857 1684 891 poeta
1714 862 1796 882 com-

154 902 317 938 mendaret,
339 911 388 931 eos
403 905 498 931 autem
511 902 588 931 viros
609 902 725 938 doctos,
747 901 795 941 qui
815 901 1052 940 interpolationes
1073 902 1327 937 subodorarentur,
1348 901 1472 930 maxime
1486 901 1728 940 Peerlkampinm,
1749 900 1798 940 qui

154 960 255 981 versus
277 951 303 981 3.
319 952 346 981 4.
362 951 389 981 5.
404 951 431 981 9.
455 951 498 981 10.
521 952 558 981 35
581 951 646 990 ejici
667 951 744 987 vult,
766 950 1067 990 perperam—sensisse,
1088 950 1117 980 in
1138 950 1433 990 Weichselmanniu)
1454 950 1678 989 disputationem
1699 950 1797 986 incidi,

155 1009 246 1037 neque
266 1009 323 1028 non
343 1000 525 1028 vehementer
546 1000 723 1035 metuebam,
751 1009 786 1028 ne
813 1000 900 1028 docta
926 1003 956 1028 et
976 999 1092 1037 copiosa
1118 999 1315 1037 disquisitione
1336 999 1503 1036 opusculum
1529 1008 1622 1028 meum
1642 999 1798 1028 reddiderit

155 1057 406 1087 supervacaneum.
442 1047 500 1077 Sed
514 1057 604 1078 vanus
619 1048 674 1078 fuit
687 1051 788 1078 metus.
823 1048 899 1077 Nam
914 1047 975 1077 sine
989 1047 1063 1083 ulla,
1079 1056 1150 1086 quae
1163 1047 1320 1086 probabilis
1338 1048 1393 1083 sit,
1407 1047 1520 1077 ratione
1534 1047 1683 1077 duodecim
1697 1056 1798 1076 versus

155 1107 194 1126 sc.
220 1097 244 1126 1.
265 1097 292 1126 2.
316 1097 342 1126 7.
365 1098 392 1126 8.
415 1097 443 1126 9.
469 1097 512 1126 10.
534 1097 581 1126 27.
603 1097 651 1126 28.
675 1097 722 1126 30.
745 1097 790 1128 31.
814 1097 861 1126 35.
884 1097 931 1126 36.
952 1106 988 1126 ex
1008 1097 1062 1126 hoc
1084 1096 1216 1126 Carmine
1237 1098 1388 1132 exturbat;
1415 1101 1446 1125 et
1473 1106 1558 1135 quarn
1580 1096 1694 1126 omnino
1715 1096 1797 1126 futile

154 1145 293 1180 blateret,
323 1145 394 1174 haec
415 1145 487 1174 satis
509 1148 673 1183 coarguant.
694 1154 722 1183 p.
745 1146 771 1174 3.
815 1144 880 1175 Seit
903 1145 968 1174 dem
989 1145 1181 1182 Aufschwung
1205 1145 1255 1174 der
1280 1145 1388 1174 Meu-ik
1410 1145 1451 1174 ist
1477 1145 1539 1174 eine
1560 1154 1631 1174 neue
1652 1144 1732 1174 Aera
1752 1145 1798 1174 ffir

157 1193 203 1223 die
217 1193 378 1231 Erkliirung
392 1194 539 1223 Horazens
554 1193 736 1231 eingetreten.
758 1209 796 1215 —
817 1193 882 1223 Aur
898 1193 1062 1223 Meineckes
1083 1193 1208 1223 Ansicht
1227 1194 1343 1223 fussend
1364 1194 1443 1223 kann
1463 1193 1509 1223 die
1529 1193 1625 1223 Critik
1645 1193 1706 1222 ihre
1719 1193 1798 1222 Auf-

157 1242 244 1279 gabe,
273 1242 326 1271 das
347 1251 406 1271 was
426 1242 477 1271 der
497 1242 626 1271 Lautner
653 1242 703 1271 der
727 1242 888 1272 romischen
908 1242 986 1281 Lyra
1011 1251 1169 1280 gesungen,
1198 1243 1246 1271 des
1273 1243 1416 1271 uniichten
1437 1242 1558 1271 Flitters
1579 1242 1739 1271 entkleidet
1758 1241 1796 1270 im

156 1290 271 1320 wahren
292 1290 534 1328 Prachtgewande
554 1290 599 1320 als
621 1291 796 1321 Kunstwerk
816 1290 1021 1326 hinzustellen,
1043 1301 1091 1321 um
1111 1300 1144 1320 so
1164 1290 1282 1320 leichter
1301 1291 1390 1320 losen.
1412 1300 1439 1329 p.
1455 1291 1482 1320 5.
1517 1290 1575 1320 Mit
1587 1290 1799 1329 pindarischem

156 1338 311 1377 Schwung,
334 1339 386 1368 mit
402 1339 597 1377 pindarischer
611 1339 877 1378 Weltanschauung
890 1340 1002 1370 scheint
1016 1348 1046 1369 er
1061 1340 1181 1379 (3—6)
1196 1340 1333 1378 beginnen
1347 1349 1381 1369 zu
1395 1340 1505 1370 vollen.
1526 1349 1553 1378 p.
1568 1340 1596 1369 (i.
1638 1339 1728 1369 Nicht
1747 1339 1799 1368 der

157 1492 271 1522 auspiciis
290 1492 322 1521 (i')
340 1492 385 1515 sibi
401 1492 503 1516 voluerit
519 1500 535 1516 a
551 1493 628 1516 Musis
640 1494 746 1518 concedi.
781 1494 895 1522 Accedit,
912 1494 977 1524 qnod
994 1494 1109 1523 loquendi
1125 1493 1242 1517 formula:
1267 1494 1348 1524 lyricis
1359 1493 1455 1516 vatibus
1471 1493 1555 1521 inseri,
1572 1499 1603 1516 ne
1619 1493 1685 1516 cadit
1701 1493 1799 1523 quidem

158 1532 182 1555 in
199 1532 336 1556 Horatium.
370 1531 399 1555 Id
416 1536 486 1556 acute
502 1533 637 1556 observavit
653 1533 848 1564 Peerlkampius,
867 1531 937 1563 cujus
953 1534 1051 1564 egregia
1066 1534 1229 1564 disputatione
1245 1534 1292 1557 huc
1309 1532 1476 1557 transferenda
1491 1533 1565 1556 finem
1581 1533 1638 1556 hnic
1654 1533 1739 1557 libello
1755 1533 1800 1556 im-

156 1579 253 1603 ponam.
287 1572 351 1596 Nam
368 1573 455 1596 melius
472 1573 599 1603 quiddam,
617 1574 681 1604 quod
698 1575 816 1598 coronidis
833 1574 887 1597 loco
904 1574 1029 1604 adjiciam,
1046 1581 1095 1597 non
1106 1575 1206 1604 reperio.
1239 1573 1279 1597 Ita
1289 1574 1361 1604 igitur
1372 1574 1414 1597 illo
1432 1573 1545 1602 „Quodsi
1561 1573 1693 1604 melyricis
1703 1574 1800 1597 vatibus

156 1613 253 1639 inseris,
271 1619 315 1635 suo
331 1619 357 1635 se
373 1612 462 1642 frigore
478 1617 503 1636 et
518 1613 602 1637 humili
620 1621 678 1637 sono
694 1614 774 1644 ipsum
791 1614 877 1644 prodit.
919 1614 957 1637 Ne
974 1615 1052 1638 dicam
1065 1615 1095 1637 de
1116 1615 1212 1644 ing-rata
1227 1615 1375 1645 repetitione.
1419 1613 1445 1637 Si
1457 1614 1565 1644 Euterpe
1578 1627 1610 1631 —
1624 1613 1696 1641 Quod
1712 1614 1733 1637 ai
1749 1621 1799 1638 me.

157 1652 191 1676 Et
206 1652 306 1682 quibus,
324 1659 426 1683 quaeso,
449 1653 530 1683 lyricis
551 1660 605 1677 eum
628 1654 743 1678 insereret
763 1654 907 1677 Maecenas?
940 1654 1072 1678 Romanis?
1104 1654 1218 1678 Nondum
1239 1655 1379 1682 exstabant,
1408 1654 1450 1684 qui
1471 1654 1578 1684 aliquam
1600 1654 1697 1678 laudem
1718 1658 1801 1678 essent

156 1693 250 1723 adepti,
267 1696 292 1716 et
308 1700 378 1716 nemo
394 1698 489 1723 praeter
506 1694 633 1717 Horatium
650 1694 752 1725 adeptus
769 1699 813 1718 est.
854 1693 934 1725 Igitur
950 1694 1060 1719 Graecis:
1084 1699 1112 1718 nt
1128 1695 1220 1718 scilicet
1236 1695 1367 1718 diceretur:
1389 1694 1490 1718 Nobiles
1506 1695 1574 1725 lyrici
1596 1699 1653 1718 sunt
1669 1694 1800 1724 Pindarus,

155 1733 276 1762 Alcaeus,
294 1733 420 1757 Horatius.
454 1733 503 1757 Sed
514 1735 549 1758 ita
565 1742 612 1758 non
629 1734 750 1764 loquimur
767 1735 816 1759 sine
833 1736 917 1759 addita
932 1736 1009 1765 gentis
1027 1735 1213 1765 significatione,
1230 1739 1269 1758 ut:
1288 1736 1383 1765 „Apud
1400 1734 1507 1759 Graecos
1524 1735 1615 1758 nobiles
1636 1739 1694 1758 sunt
1709 1735 1800 1759 Pinda-

155 1781 209 1802 rus,
235 1773 356 1802 Alcaeus,
381 1774 445 1804 apud
462 1774 583 1798 Romanos
600 1775 743 1799 Horatius.“
776 1775 861 1806 Neque
882 1775 999 1801 Horatius
1019 1783 1107 1799 nomen
1128 1779 1152 1798 et
1172 1776 1245 1799 decus
1268 1775 1381 1799 affectare
1402 1776 1518 1804 audebat,
1544 1783 1593 1806 qno
1610 1775 1698 1799 Graeci
1714 1780 1801 1806 poetae

155 1813 280 1837 florebant.
315 1813 367 1837 Hos
384 1814 455 1844 longe
467 1815 623 1845 sequebatur,
640 1812 712 1844 feli'x,
729 1816 749 1840 si
761 1816 892 1847 accepisset
903 1816 1013 1847 spiritum
1025 1815 1114 1846 Grajae
1125 1820 1222 1840 tenuem
1235 1816 1377 1840 Camoenae.
1414 1816 1468 1840 Hoc
1479 1816 1549 1840 unice
1560 1816 1661 1846 agebat,
1678 1820 1706 1839 ut
1717 1816 1801 1847 appel-

155 1855 247 1879 laretur
263 1855 373 1886 princeps
390 1855 476 1879 fidicen
493 1856 561 1887 lyrae
577 1856 712 1886 Romanas,
734 1857 776 1888 qui
797 1857 909 1881 Aeolium
931 1864 1028 1881 carmen
1048 1857 1080 1881 ad
1100 1857 1177 1881 Italos
1194 1858 1278 1882 modos
1298 1857 1446 1884 deduxisset.
1478 1857 1548 1881 Talis
1570 1857 1643 1881 homo
1664 1865 1714 1881 non
1735 1862 1801 1881 recte

155 1896 237 1926 lyricis
255 1896 349 1919 vatibus
366 1896 504 1920 inseritur.“

302 1935 335 1966 ³²)
361 1936 477 1960 Dnntzer.
503 1938 585 1961 Kritik
601 1939 650 1961 und
667 1938 806 1968 Erklarung
822 1939 865 1962 der
882 1939 1045 1962 Horazischen
1062 1938 1186 1962 Gedichte.
1221 1939 1294 1962 'rhen
1313 1942 1334 1968 5.
1353 1939 1370 1962 S
1398 1942 1420 1965 8.
1455 1939 1501 1962 Die
1517 1939 1604 1962 beiden
1621 1939 1710 1962 letzten
1722 1939 1801 1963 Verso

156 1976 279 1999 enthalten
290 1976 337 1998 den
355 1975 499 2006 Godanken,
516 1978 572 2001 dass
589 1985 614 2000 es
631 1977 671 2000 fiir
684 1978 766 2001 Horas
783 1979 824 2001 dor
840 1978 941 2002 hochste
958 1978 1052 2002 Genuss
1069 1979 1110 2007 ist,
1129 1986 1199 2002 wenn
1215 1979 1256 2002 ihn
1273 1979 1389 2002 Macenas
1406 1979 1442 2002 als
1459 1979 1528 2002 einen
1544 1979 1700 2008 glueklichen
1717 1978 1801 2003 Nach-

156 2016 241 2040 ahmer
258 2016 300 2039 der
316 2016 480 2047 griechischen
498 2016 602 2048 Lyriker
618 2018 760 2043 anerkennt.

303 2056 336 2086 ³³)
362 2057 456 2081 Herder
473 2075 488 2086 „
482 2058 609 2085 ,kritische
625 2059 755 2084 WRldsr“.
789 2059 848 2082 Man
868 2059 1004 2082 betracbtet
1024 2060 1101 2082 dieses
1121 2066 1197 2089 ganze
1219 2059 1296 2083 Stfick
1318 2068 1364 2083 nur
1384 2061 1449 2083 dann
1470 2067 1513 2083 aus
1536 2060 1591 2083 dem
1616 2060 1735 2090 richtigen
1753 2060 1802 2084 Ge-

156 2097 335 2127 sichtspunkte,
361 2104 430 2120 wenn
447 2105 514 2129 man,
539 2102 599 2122 statt
620 2099 757 2123 feierlichen
774 2100 847 2122 Ernst
868 2100 918 2122 und
935 2100 1077 2130 grnndliche
1094 2099 1288 2123 Charakteristik
1310 2101 1352 2122 der
1369 2100 1552 2123 verschiedenen
1569 2099 1714 2130 Neigungen
1732 2101 1802 2124 daria

156 2144 186 2160 ιιι
208 2138 311 2167 snchen,
336 2138 415 2162 nichts
431 2139 468 2162 als
485 2138 581 2191 Laune,
606 2147 652 2163 nnr
667 2138 807 2169 lachelnde,
832 2139 984 2164 schalkhaste
1002 2140 1162 2164 Seitenblicke
1183 2139 1229 2164 auf
1247 2141 1285 2163 die
1307 2140 1488 2171 Bestrebungcn
1508 2141 1551 2164 der
1574 2140 1709 2165 Menscben
1731 2142 1802 2165 darin

155 2178 316 2203 wahrnehme.

181 2257 211 2281 1„-
303 2218 337 2249 ³⁴)
372 2218 512 2248 Programm
533 2221 581 2243 und
600 2220 703 2244 Jahres-
709 2220 808 2245 Bericht
826 2221 868 2244 des
889 2220 986 2244 kaiserl.
1009 2221 1100 2251 konigl.
1124 2220 1204 2244 Ober-
1195 2220 1378 2251 -Gymnasiums
1402 2228 1432 2244 zu
1455 2220 1564 2245 Lsibach
1588 2221 1627 2245 mr
1649 2222 1693 2245 das
1715 2221 1802 2246 Schul-

154 2257 181 2288 ja
235 2260 304 2283 ists.
