2095 2611
198 234 299 269 datur‚
327 233 412 262 modo
438 231 641 270 quaterniones
666 231 757 261 oculis
782 235 947 266 serventur,
969 230 1008 269 ‘id
1034 238 1092 259 non
1118 238 1203 267 posse
1228 239 1285 259 non
1306 231 1491 260 arbitrarium
1512 231 1689 267 existimari;
1723 240 1864 269 apparere

199 281 313 320 quidem
333 281 363 309 iu
383 280 500 309 Horatii
520 280 618 318 lyricis
640 280 814 309 carminibus
835 279 964 308 ordinem
986 279 1128 316 quendam
1148 279 1358 316 rhythmicum,
1394 289 1450 317 quo
1470 289 1545 317 quae
1567 289 1656 309 sensu
1678 280 1863 315 cohaereant,

199 326 414 366 aegina-simo
435 327 576 357 orationis
595 327 710 357 vinculo
731 327 916 366 copulentur,
937 326 990 355 sed
1011 334 1068 354 non
1089 326 1239 363 alligatum
1259 326 1340 355 illum
1362 328 1608 365 quaternionibus.

219 376 221 379 '
310 397 315 401 .
344 376 457 405 Neutra
477 375 547 404 inihi
567 375 680 414 quidem
700 374 846 404 sententia
865 383 958 412 neque
978 382 1098 411 prorsus
1117 374 1282 410 probanda,
1317 383 1409 413 neque
1429 374 1622 413 improbanda
1640 374 1773 410 videtur,
1805 375 1862 405 imo

198 426 264 455 sne
287 424 407 457 tertium
432 423 576 462 quoddam
596 427 683 462 puto,
717 420 794 462 quod
819 422 896 452 inter
921 422 994 451 haec
1021 422 1078 452 duo
1104 421 1160 451 sibi
1182 421 1328 452 contraria
1351 428 1508 462 praecepta
1529 425 1587 453 fere
1608 423 1732 453 medium
1758 423 1784 453 si
1804 432 1862 453 non

199 473 296 502 verius
316 472 372 507 sit,
393 476 490 501 tamen
511 472 696 501 verisimilius
716 480 752 500 ac
772 471 961 509 probabilius.

344 519 445 557 Atque
465 528 501 548 ea
521 519 649 548 carmina
668 518 801 554 Horatii,
822 526 898 557 quae
916 517 1030 547 metrici
1051 517 1170 554 singulis
1191 518 1359 556 systematis
1382 519 1520 548 conclusa
1539 519 1708 553 voluerunt,
1730 519 1760 547 in
1782 522 1862 547 stro-

198 569 274 608 phas
293 568 340 598 vel
361 568 476 598 omuino
497 568 543 597 vel
563 572 766 607 quaternorum
787 575 925 597 versuum·
943 565 1142 596 'distribuenda
1162 575 1226 595 esse
1246 567 1303 602 ita,
1325 571 1359 597 ut
1377 567 1474 597 Carm.
1496 568 1521 597 1.
1547 568 1579 596 11
1603 572 1634 597 et
1655 567 1707 597 IV.
1727 567 1762 596 10
1776 567 1862 603 binis,

199 615 285 646 1.··18
305 620 429 653 quatuor
451 620 564 645 constet
585 615 730 653 strophis,
763 615 931 652 persuaderi
951 614 1022 643 mibi
1043 614 1154 651 nequit,
1189 614 1246 642 nisi
1265 623 1334 643 vero
1356 616 1502 644 oculorum
1524 615 1617 652 magis
1634 624 1720 653 quam
1741 619 1862 644 senten-

198 663 439 694 aurumi-atione
459 663 560 693 habita
581 662 814 702 certus'quidam
836 670 971 692 numerus
992 670 1125 691 versuum
1146 662 1295 700 stropham
1316 663 1414 692 efficit.
1455 663 1559 702 Itaque
1573 663 1647 692 haec
1660 662 1719 692 tria
1732 663 1863 692 carmina

144 729 151 733 ·
198 713 345 747 versibus,
368 712 416 750 qui
437 712 623 750 Asclepiadei
643 712 768 750 maJores
791 710 991 749 appellantur,
1013 711 1174 748 composita
1188 711 1230 739 eis
1243 711 1359 740 Horatii
1375 711 1461 747 Odis,
1483 721 1557 750 quae
1572 711 1737 750 strophicas
1758 711 1861 740 distri-

199 760 333 790 butiones
353 760 516 789 desiderent
537 760 583 789 vel
603 760 767 797 patiantur,
789 759 1005 788 adnumeranda
1025 767 1083 787 non
1104 767 1167 787 esse
1188 760 1343 794 contendo,
1365 760 1484 797 ejusque
1503 759 1680 797 praesidium
1699 759 1862 788 sententiae

198 808 228 839 in
249 808 397 847 paucitate
418 817 527 846 quoque
548 817 696 844 versuum,
719 807 822 846 quibus
844 810 980 836 constant
999 806 1052 836 illa
1073 806 1215 842 carmina,
1236 815 1294 836 non
1308 815 1442 844 magnum
1457 808 1570 846 quidem
1585 807 1672 842 illud,
1695 807 1746 836 sed
1762 811 1861 836 tamen
1906 833 1908 836 ,

200 857 317 895 aliquod
337 856 546 894 deprehendere
567 856 638 886 mihi
657 856 766 885 videor.
808 855 853 887 At
870 855 1040 890 carminum,
1063 864 1134 893 quae
1149 855 1302 894 δίστροφα
1320 860 1475 891 vocantur,
1500 857 1585 885 haec:
1607 856 1637 891 1,
1665 856 1708 884 13.
1736 855 1780 884 19.
1802 855 1860 890 ΙΙΙ,

201 906 230 935 9.
252 906 300 934 28.
321 905 366 934 ita
387 909 554 942 comparata
574 907 652 939 sunt,
673 908 707 933 ut
727 903 903 933 dubitationi
923 903 1004 933 locus
1025 912 1083 932 non
1105 903 1152 938 sit,
1174 903 1241 941 quin
1262 904 1399 941 strophas
1420 908 1623 942 quaternorum
1644 913 1779 933 versuum
1803 904 1860 932 fin-

202 953 287 991 gendi
313 953 404 990 legem
432 953 487 981 sibi
513 952 683 990 irrogaverit
702 955 805 990 poeta,
826 960 959 990 eamque
981 951 1072 989 legem
1094 951 1155 985 ΙΙΙ,
1181 951 1224 980 19.
1247 952 1295 980 24.
1318 952 1364 981 25.
1387 953 1441 986 lV,
1467 953 1502 981 1.·
1515 952 1542 981 3.
1563 952 1608 981 ita
1627 955 1775 980 servatam
1795 960 1860 980 esse

202 1009 320 1036 censeo,
355 1004 388 1030 ιιι
416 1000 544 1038 singulae
572 1000 710 1038 strophae
737 999 914 1029 sententiam
941 1000 1069 1029 habeant
1095 999 1210 1037 plenam
1238 999 1351 1037 quidem
1379 1004 1410 1029 et
1437 1000 1593 1037 integram,
1628 1000 1680 1029 sed
1706 1000 1859 1029 verborum

201 1048 349 1078 structura
369 1048 463 1077 minus
484 1048 690 1083 distineantur3
709 1047 873 1077 arctissime
893 1047 969 1076 euim
990 1048 1075 1076 modo
1096 1047 1184 1082 duae,
1206 1048 1290 1076 modo
1311 1052 1386 1082 tres,
1408 1048 1476 1086 quin
1490 1049 1579 1077 etiam
1594 1057 1693 1077 omues
1710 1048 1860 1077 Carminis

179 1104 182 1106 '
202 1097 339 1135 strophae
359 1096 436 1126 inter
456 1105 488 1125 se
508 1095 591 1134 quasi
612 1095 827 1133 conglutinatas
847 1099 925 1125 sunt.
976 1096 1050 1125 Eam
1077 1098 1174 1124 autem
1195 1095 1379 1133 stropharum
1402 1095 1468 1133 plus
1490 1096 1584 1125 minus
1606 1089 1756 1125 extensam
1776 1104 1860 1125 com-

201 1145 363 1184 plexionem
383 1145 462 1174 hand
481 1144 649 1174 crediderim
669 1153 735 1174 esse
754 1143 918 1178 fiortustuu,
939 1143 990 1172 sed
1011 1143 1040 1173 in
1061 1143 1167 1173 mentis
1188 1144 1364 1181 permotione
1384 1144 1512 1182 positam
1533 1154 1619 1183 quam
1641 1144 1782 1182 majorem
1802 1144 1860 1173 mi-

201 1202 334 1223 noremve
353 1197 442 1232 poeta
461 1196 678 1231 repraesentare
698 1192 800 1228 vellet3
821 1201 877 1230 quo
890 1191 1028 1221 intentior
1041 1196 1090 1221 est
1102 1192 1255 1229 permotio,
1277 1201 1312 1221 eo
1327 1193 1473 1222 extensior
1486 1193 1673 1231 stropharum
1690 1193 1859 1230 coniplexio.

202 1243 236 1272 cf.
258 1241 320 1277 111,
342 1242 389 1271 2⁵.
432 1241 539 1270 Verum
561 1241 636 1270 enim
656 1250 725 1270 vero
746 1241 802 1270 duo
823 1243 960 1279 prostant
980 1240 1096 1269 Horatii
1117 1240 1258 1275 carmina,
1280 1241 1343 1275 ΙΙΙ,
1366 1240 1406 1270 30
1426 1245 1457 1270 et
1474 1241 1537 1276 111,
1562 1242 1613 1276 15,
1635 1250 1708 1279 quae
1721 1241 1766 1270 ita
1779 1249 1860 1270 com-

201 1294 308 1329 parata
328 1293 410 1325 suut,
432 1293 465 1318 ut
487 1289 637 1319 Orelliana
656 1288 860 1318 distributione
879 1288 991 1318 turbari
1017 1288 1064 1317 vel
1089 1288 1162 1317 adeo
1188 1288 1252 1317 tolli
1272 1289 1413 1318 rationem
1436 1290 1621 1327 stropharum
1646 1289 1724 1318 haud
1744 1289 1860 1318 difficile

203 1339 402 1376 perspiciatur.
444 1337 521 1366 Illud
536 1338 611 1367 enim
632 1336 852 1376 μονόστροφον
866 1336 988 1374 primam
1009 1340 1048 1371 et,
1070 1337 1115 1365 cui
1136 1337 1266 1365 clausula
1286 1341 1367 1366 arcte
1389 1338 1544 1375 conjuncta
1564 1341 1619 1372 est,
1641 1338 1758 1366 tertiam
1780 1341 1860 1366 stro-

200 1386 289 1424 pham
310 1385 459 1423 quinorum
481 1385 570 1414 habet
589 1394 737 1420 versuum,
759 1385 835 1413 inter
855 1393 927 1422 quus
948 1387 995 1413 est
1015 1388 1139 1422 quatuor
1159 1393 1292 1413 versuum
1313 1385 1422 1419 media,
1448 1385 1479 1413 in
1499 1385 1592 1414 altero
1613 1389 1713 1414 autem
1733 1385 1860 1414 carmine

201 1432 357 1475 διστρόφῳ
379 1433 594 1472 quaternionem
616 1433 727 1462 mediae
747 1433 885 1471 strophae
904 1432 1054 1462 includunt
1068 1441 1169 1462 senum
1182 1441 1314 1462 versuum
1331 1433 1405 1462 duae
1420 1433 1567 1471 strophae.
1610 1432 1708 1466 Quare
1729 1433 1860 1471 equidem

202 1483 315 1520 opinor,
337 1482 425 1511 istam
445 1480 605 1510 Meineckio
628 1482 813 1511 observatam
833 1481 923 1518 legem
944 1480 1101 1510 Horatium
1121 1480 1165 1510 ita
1184 1481 1383 1516 restrinxisse,
1413 1485 1445 1510 ut
1470 1473 1633 1519 quanquam
1655 1486 1859 1519 quaternorum

201 1530 326 1560 maxime
346 1538 479 1558 versuum
502 1529 637 1567 strophas
658 1529 787 1564 finxerit,
818 1532 914 1557 tamen
936 1527 1025 1563 alias,
1058 1537 1131 1566 quae
1155 1529 1263 1567 majore
1289 1538 1405 1558 numero
1427 1538 1562 1558 versuum
1587 1533 1770 1564 constarent,
1802 1538 1861 1558 non

202 1578 330 1616 singulas
351 1578 464 1617 quidem
487 1579 538 1607 sed
558 1577 642 1607 binas
662 1577 721 1607 illis
742 1577 899 1607 admiscere
920 1586 978 1606 non
998 1577 1148 1607 dubitarit.
1190 1577 1236 1606 Ac
1257 1587 1342 1607 carm.
1362 1578 1394 1613 I,
1421 1578 1444 1606 1.
1466 1577 1645 1616 strophicum
1660 1587 1724 1607 esse
1742 1582 1772 1607 et
1786 1587 1859 1607 con-

198 1628 311 1666 jectura
331 1627 400 1658 licet
420 1626 550 1665 assequi,
572 1635 662 1664 neque
682 1635 739 1655 non
761 1625 852 1656 Orelli
872 1625 902 1654 iu
923 1626 1060 1663 strophas
1081 1630 1286 1664 quaternorum
1306 1635 1439 1656 versuum
1460 1627 1573 1662 divisit;
1605 1630 1638 1655 at
1661 1627 1735 1656 haec
1755 1627 1860 1656 divisio

199 1684 219 1704 a
239 1675 446 1712 probabilitate
468 1675 540 1703 adeo
562 1674 713 1709 abhorret,
735 1678 769 1703 ut
789 1673 935 1708 recusanti
956 1674 1093 1711 strophas
1114 1674 1284 1702 Eichstadio
1306 1674 1497 1703 accedendum
1519 1679 1611 1709 esset,
1638 1675 1663 1702 si
1684 1675 1801 1703 diversa
1821 1676 1861 1703 ab

200 1722 310 1754 Orellio
338 1722 598 1753 distribuendorum
625 1722 701 1751 ratio
729 1731 863 1751 versuum
890 1721 1011 1751 inveniri
1040 1730 1097 1751 non
1118 1726 1227 1760 posset.
1270 1720 1353 1755 Quae
1373 1731 1443 1752 vero
1471 1727 1504 1752 ut
1524 1723 1701 1758 inveniatur,
1732 1732 1791 1752 non
1813 1726 1861 1752 est

199 1772 361 1811 sagacitate
383 1781 462 1810 opus.
504 1772 602 1801 Parva
622 1772 696 1801 enim
718 1771 839 1802 defectio
860 1771 899 1801 ab
920 1770 1070 1801 Orelliana
1090 1771 1293 1801 distributione
1308 1772 1445 1810 strophas
1459 1772 1581 1811 quinque
1603 1772 1771 1810 suppeditat
1785 1781 1860 1811 qua-

199 1825 347 1850 ternorum
368 1829 515 1855 versuum,
550 1829 669 1858 quarum
690 1821 784 1857 prima
804 1819 916 1848 initium
937 1820 976 1848 ab
997 1820 1084 1848 tertio
1106 1829 1192 1848 versu
1213 1819 1349 1849 carminis
1371 1821 1464 1858 capit,
1499 1830 1564 1849 cum
1584 1821 1681 1849 verbis
1707 1826 1769 1849 tum
1791 1830 1861 1849 sen-

199 1868 299 1898 tentiis
314 1872 376 1898 tam
391 1868 540 1905 diligenter
556 1867 727 1903 distinctas,
748 1872 782 1897 ut
802 1877 859 1897 uon
881 1867 920 1896 sit
934 1867 1140 1903 dubitandum,
1162 1867 1230 1906 quin
1244 1872 1275 1897 et
1294 1868 1395 1907 reliqui
1417 1878 1517 1898 versus
1539 1869 1667 1906 strophis
1689 1869 1860 1898 continean-

199 1922 255 1948 tur.
298 1918 367 1947 Jam
388 1927 454 1947 vero
475 1917 560 1947 facile
581 1921 716 1955 apparet,
738 1917 838 1946 militis
860 1920 890 1946 et
910 1916 1058 1946 venatoris
1079 1916 1287 1955 descriptiones
1312 1917 1437 1947 distrahi
1463 1927 1520 1948 non
1542 1923 1688 1956 oportere,
1724 1918 1780 1947 imo
1803 1927 1862 1948 una

200 1966 342 1996 contineri
362 1966 497 2003 stropha,
519 1966 604 1996 modo
626 1966 720 1995 altera
741 1965 881 2004 quaedam
902 1965 1025 1995 totidem
1045 1974 1179 1994 versuum
1201 1966 1323 2003 stropha
1344 1971 1448 1996 exstet.
1489 1967 1599 1996 Exstat
1618 1971 1715 1996 autem
1740 1967 1798 2001 ita,
1828 1971 1862 1996 ut

199 2014 281 2044 illam
293 2014 380 2044 etiam
391 2014 531 2052 excipiat3
546 2023 598 2043 sex
610 2014 694 2049 enim,
710 2014 758 2052 qui
767 2014 901 2052 deinceps
915 2017 1083 2052 sequuntur,
1097 2013 1229 2043 versibus
1243 2018 1336 2043 semet
1349 2014 1441 2052 ipsum
1457 2019 1543 2053 poeta
1557 2015 1693 2053 depingit.
1714 2015 1862 2044 Postremi

200 2064 257 2092 duo
277 2063 423 2092 Carminis
445 2071 544 2092 versus
566 2067 633 2092 sunt
654 2062 748 2092 altera
767 2072 836 2100 pars
857 2062 976 2092 dimidia
997 2063 1135 2100 strophae
1155 2063 1359 2098 tetrastichae,
1382 2065 1462 2101 cujus
1483 2064 1561 2101 prior
1575 2073 1643 2101 pars
1657 2064 1778 2093 dimidia
1798 2064 1860 2102 pri-

200 2110 255 2141 mis
277 2111 387 2140 duobus
410 2113 526 2139 constat
546 2111 686 2139 versibus.
728 2111 826 2140 Habet
846 2110 933 2148 igitur
953 2110 1008 2139 hoc
1023 2110 1151 2139 Primum
1173 2110 1297 2139 Carmen
1319 2120 1371 2140 sex
1393 2112 1528 2149 strophas
1550 2116 1765 2150 quaternorum,
1788 2113 1861 2141 duas

200 2168 300 2190 senum
321 2168 463 2190 versuum.
507 2157 618 2192 Quodsi
643 2159 719 2189 hanc
745 2163 920 2190 structuram
945 2159 1130 2197 stropharum
1156 2168 1213 2188 non
1239 2168 1302 2188 esse
1329 2161 1367 2189 ab
1388 2160 1510 2190 Horatio
1536 2160 1663 2191 alienam
1685 2161 1860 2197 conceditur,

199 2208 259 2237 ista
280 2212 465 2245 argumenta,
494 2208 595 2245 quibus
617 2212 685 2245 post
705 2208 897 2237 Meineckium
916 2208 1065 2237 Hermann
1087 2208 1192 2245 aliique
1214 2208 1258 2236 usi
1280 2208 1334 2236 hoc
1357 2209 1480 2238 Carmen
1501 2210 1633 2239 versibus
1654 2210 1861 2247 interpolatum

200 2264 265 2286 esse
286 2256 455 2294 opinantur,
477 2255 555 2286 haud
575 2256 758 2286 mediocriter
778 2259 913 2295 suspecta
933 2259 1015 2291 sunt,
1042 2264 1135 2294 neque
1155 2256 1270 2291 dubito,
1302 2257 1369 2295 quin
1391 2261 1472 2286 recta
1493 2257 1656 2296 explicandi
1676 2259 1761 2296 hujus
1783 2258 1861 2288 Car-
